@ARTICLE{2004ApJ...610..313G,
   author = {{Garay}, G. and {Fa{\'u}ndez}, S. and {Mardones}, D. and {Bronfman}, L. and 
	{Chini}, R. and {Nyman}, L.-{\AA}.},
    title = "{Discovery of Four New Massive and Dense Cold Cores}",
  journal = {\apj},
 keywords = {ISM: Dust, Extinction, ISM: Clouds, ISM: Molecules, Stars: Formation},
     year = 2004,
    month = jul,
   volume = 610,
    pages = {313-319},
      doi = {10.1086/421437},
   adsurl = {http://adsabs.harvard.edu/abs/2004ApJ...610..313G},
  adsnote = {Provided by the SAO/NASA Astrophysics Data System}

@ARTICLE{APEX,
   author = {{G{\"u}sten}, R. and {Nyman}, L.~{\AA}. and {Schilke}, P. and 
	{Menten}, K. and {Cesarsky}, C. and {Booth}, R.},
    title = "{The Atacama Pathfinder EXperiment (APEX) - a new submillimeter facility for southern skies -}",
  journal = {\aap},
 keywords = {telescopes, submillimeter},
     year = 2006,
    month = aug,
   volume = 454,
    pages = {L13-L16},
      doi = {10.1051/0004-6361:20065420},
   adsurl = {http://adsabs.harvard.edu/abs/2006A%26A...454L..13G},
  adsnote = {Provided by the SAO/NASA Astrophysics Data System}
}
